@Book{mathhub,
  title = {Esimerkkikirja},
  author = {MathHub},
  publisher = {MathHub},
  address = {Helsinki, Finland},
  year = {2023},
  edition = {1st},
}
